@book{bourque2014guide,
  title={Guide to the software engineering body of knowledge (SWEBOK (R)): Version 3.0},
  author={Bourque, Pierre and Fairley, Richard E and others},
  year={2014},
  publisher={IEEE Computer Society Press}
}

@book{graham2008foundations,
  title={Foundations of software testing: ISTQB certification},
  author={Graham, Dorothy and Van Veenendaal, Erik and Evans, Isabel},
  year={2008},
  publisher={Cengage Learning EMEA}
}

@book{myers2011art,
  title={The art of software testing},
  author={Myers, Glenford J and Sandler, Corey and Badgett, Tom},
  year={2011},
  publisher={John Wiley \& Sons}
}

@book{jorgensen2016software,
  title={Software testing: a craftsman’s approach},
  author={Jorgensen, Paul C},
  year={2016},
  publisher={CRC press}
}

@book{pressman2005software,
  title={Software engineering: a practitioner's approach},
  author={Pressman, Roger S},
  year={2005},
  publisher={Palgrave Macmillan}
}

@inproceedings{rouff2002test,
  title={A test agent for testing agents and their communities},
  author={Rouff, Christopher},
  booktitle={Aerospace Conference Proceedings, 2002. IEEE},
  volume={5},
  pages={5--2638},
  year={2002},
  organization={IEEE}
}

@inproceedings{benfield2006making,
  title={Making a strong business case for multiagent technology},
  author={Benfield, Steve S and Hendrickson, Jim and Galanti, Daniel},
  booktitle={Proceedings of the fifth international joint conference on Autonomous agents and multiagent systems},
  pages={10--15},
  year={2006},
  organization={ACM}
}

@article{houhamdi2011multi,
  title={Multi-agent system testing: A survey},
  author={Houhamdi, Zina},
  journal={International Journal of Advanced Computer Science and Applications},
  volume={2},
  number={6},
  pages={135--141},
  year={2011}
}

@inproceedings{nguyen2009testing,
  title={Testing in multi-agent systems},
  author={Nguyen, Cu D and Perini, Anna and Bernon, Carole and Pav{\'o}n, Juan and Thangarajah, John},
  booktitle={International Workshop on Agent-Oriented Software Engineering},
  pages={180--190},
  year={2009},
  organization={Springer}
}

@phdthesis{nguyen2009thesis,
  title={Testing techniques for software agents},
  author={Nguyen, Duy Cu},
  year={2009},
  school={University of Trento}
}

@inproceedings{rehman2013testing,
  title={Testing of autonomous agents: A critical analysis},
  author={Rehman, Shafiq Ur and Nadeem, Aamer},
  booktitle={Electronics, Communications and Photonics Conference (SIECPC), 2013 Saudi International},
  pages={1--5},
  year={2013},
  organization={IEEE}
}

@book{sommerville2010,
 author = {Sommerville, Ian},
 title = {Software Engineering},
 year = {2010},
 isbn = {0137035152, 9780137035151},
 edition = {9th},
 publisher = {Addison-Wesley Publishing Company},
 address = {USA},
} 

@article{winikoff2010assurance,
title={Assurance of agent systems: What role should formal verification play?},
author={Winikoff, Michael},
journal={Specification and Verification of Multi-agent systems},
pages={353--383},
year={2010},
publisher={Springer}
}

@article{winikoff2014testability,
  title={On the Testability of BDI Agent Systems},
  author={Winikoff, Michael and Cranefield, Stephen},
  journal={Journal of Artificial Intelligence Research},
  volume={51},
  pages={71--131},
  year={2014}
}

@inproceedings{winikoff2002declarative,
  title={Declarative and procedural goals in intelligent agent systems},
  author={Winikoff, Michael and Padgham, Lin and Harland, James and Thangarajah, John},
  booktitle={International Conference on Principles of Knowledge Representation and Reasoning},
  year={2002},
  organization={Morgan Kaufman}
}

@article{winikoff2017bdi,
  title={BDI agent testability revisited},
  author={Winikoff, Michael},
  journal={Autonomous Agents and Multi-Agent Systems},
  pages={1--39},
  year={2017},
  publisher={Springer}
}

@inproceedings{burmeister2008bdi,
  title={BDI-agents for agile goal-oriented business processes},
  author={Burmeister, Birgit and Arnold, Michael and Copaciu, Felicia and Rimassa, Giovanni},
  booktitle={Proceedings of the 7th international joint conference on Autonomous agents and multiagent systems: industrial track},
  pages={37--44},
  year={2008},
  organization={International Foundation for Autonomous Agents and Multiagent Systems}
}

@book{ammann2016introduction,
  title={Introduction to software testing},
  author={Ammann, Paul and Offutt, Jeff},
  year={2016},
  publisher={Cambridge University Press}
}

@inproceedings{alvares1997introduccao,
  title={Introdu{\c{c}}ao aos sistemas multiagentes},
  author={Alvares, Luis Otavio and Sichman, Jaime Sim{\~a}o},
  booktitle={XVII Congresso da SBC-Anais JAI’97},
  year={1997}
}

@article{reis2012coordenaccao,
  title={Coordena{\c{c}}{\~a}o em sistemas multi-agente: Aplica{\c{c}}{\~o}es na gest{\~a}o universit{\'a}ria e futebol rob{\'o}tico},
  author={Reis, Lu{\'\i}s Paulo Gon{\c{c}}alves dos and others},
  year={2012}
}
@article{malone1994interdisciplinary,
  title={The interdisciplinary study of coordination},
  author={Malone, Thomas W and Crowston, Kevin},
  journal={ACM Computing Surveys (CSUR)},
  volume={26},
  number={1},
  pages={87--119},
  year={1994},
  publisher={Acm}
}

@article{boella2006coordination,
  title={Coordination and organization: Definitions, examples and future research directions},
  author={Boella, Guido and Van Der Torre, Leendert},
  journal={Electronic Notes in Theoretical Computer Science},
  volume={150},
  number={3},
  pages={3--20},
  year={2006},
  publisher={Elsevier}
}

@book{rothenberg1989nature,
  title={The nature of modeling},
  author={Rothenberg, Jeff},
  volume={3027},
  year={1989}
}

@book{steinberg2008emf,
  title={EMF: eclipse modeling framework},
  author={Steinberg, Dave and Budinsky, Frank and Merks, Ed and Paternostro, Marcelo},
  year={2008},
  publisher={Pearson Education}
}

@article{argente2006multi,
  title={Multi-agent system development based on organizations},
  author={Argente, Estefania and Julian, Vicente and Botti, Vicente},
  journal={Electronic Notes in Theoretical Computer Science},
  volume={150},
  number={3},
  pages={55--71},
  year={2006},
  publisher={Elsevier}
}

@article{horling2004survey,
  title={A survey of multi-agent organizational paradigms},
  author={Horling, Bryan and Lesser, Victor},
  journal={The Knowledge Engineering Review},
  volume={19},
  number={4},
  pages={281--316},
  year={2004},
  publisher={Cambridge University Press}
}

@article{winikoff2009future,
  title={Future directions for agent-based software engineering},
  author={Winikoff, Michael},
  journal={International Journal of Agent-Oriented Software Engineering},
  volume={3},
  number={4},
  pages={402--410},
  year={2009},
  publisher={Inderscience Publishers}
}

@article{padgham2016agent,
  title={Agent Oriented Software Engineering: Why and How},
  author={Padgham, Lin and Thangarajah, John},
  journal={VNU Journal of Science: Natural Sciences and Technology},
  volume={27},
  number={3},
  year={2016}
}

@article{akbari2010survey,
  title={A survey of agent-oriented software engineering paradigm: Towards its industrial acceptance},
  author={Akbari, O Zohreh},
  journal={International Journal of Computer Engineering Research},
  volume={1},
  number={2},
  pages={14--28},
  year={2010},
  publisher={Academic Journals}
}

@inproceedings{sturm2014agent,
  title={Agent-oriented software engineering: Revisiting the state of the art},
  author={Sturm, Arnon and Shehory, Onn},
  booktitle={Agent-Oriented Software Engineering},
  pages={13--26},
  year={2014},
  organization={Springer}
}

@inproceedings{sturm2014landscape,
  title={The landscape of agent-oriented methodologies},
  author={Sturm, Arnon and Shehory, Onn},
  booktitle={Agent-Oriented Software Engineering},
  pages={137--154},
  year={2014},
  organization={Springer}
}

@book{cardoso1997redes,
  title={Redes de petri},
  author={Cardoso, Janette and Valette, Robert},
  year={1997},
  publisher={Editora da UFSC}
}

@article{murata1989petri,
  title={Petri nets: Properties, analysis and applications},
  author={Murata, Tadao},
  journal={Proceedings of the IEEE},
  volume={77},
  number={4},
  pages={541--580},
  year={1989},
  publisher={IEEE}
}

@article{peterson1977petri,
  title={Petri nets},
  author={Peterson, James L},
  journal={ACM Computing Surveys (CSUR)},
  volume={9},
  number={3},
  pages={223--252},
  year={1977},
  publisher={ACM}
}

@inproceedings{weyns2002colored,
  title={A colored Petri-net for a multi-agent application},
  author={Weyns, Danny and Holvoet, Tom},
  booktitle={Proceedings of MOCA'02},
  volume={561},
  pages={121--141},
  year={2002}
}

@article{kohler2001modelling,
  title={Modelling the structure and behaviour of Petri net agents},
  author={K{\"o}hler, Michael and Moldt, Daniel and R{\"o}lke, Heiko},
  journal={Applications and Theory of Petri Nets 2001},
  pages={224--241},
  year={2001},
  publisher={Springer}
}

@inproceedings{de2004formal,
  title={A formal approach for the modelling and verification of multiagent plans based on model checking and Petri nets},
  author={de Almeida, Hyggo Oliveira and da Silva, Leandro Dias and Perkusich, Angelo and de Barros Costa, Evandro},
  booktitle={International Workshop on Software Engineering for Large-Scale Multi-agent Systems},
  pages={162--179},
  year={2004},
  organization={Springer}
}

@incollection{miller2011test,
  title={Test coverage criteria for agent interaction testing},
  author={Miller, Tim and Padgham, Lin and Thangarajah, John},
  booktitle={Agent-oriented Software Engineering XI},
  pages={91--105},
  year={2011},
  publisher={Springer}
}

@article{poutakidis2009debugging,
  title={Debugging and testing of multi-agent systems using design artefacts},
  author={Poutakidis, David and Winikoff, Michael and Padgham, Lin and Zhang, Zhiyong},
  journal={Multi-Agent Programming:},
  pages={215--258},
  year={2009},
  publisher={Springer}
}

@article{ziparo2011petri,
  title={Petri net plans},
  author={Ziparo, Vittorio A and Iocchi, Luca and Lima, Pedro U and Nardi, Daniele and Palamara, Pier Francesco},
  journal={Autonomous Agents and Multi-Agent Systems},
  volume={23},
  number={3},
  pages={344--383},
  year={2011},
  publisher={Springer}
}

@article{miyagi2006modeling,
  title={Modeling and analysis of fault-tolerant systems for machining operations based on Petri nets},
  author={Miyagi, PE and Riascos, LAM},
  journal={Control Engineering Practice},
  volume={14},
  number={4},
  pages={397--408},
  year={2006},
  publisher={Elsevier}
}

@inproceedings{bai2004colored,
  title={A colored petri net based approach for multi-agent interactions},
  author={Bai, Quan and Zhang, Minjie and Win, Khin Than},
  booktitle={Proc. of 2nd International Conference on Autonomous Robots and Agents, Palmerston North, New Zealand},
  pages={152--157},
  year={2004}
}

@inproceedings{goncalves2010approach,
  title={An approach to specify knowledge in multi-agent systems using petri nets},
  author={Goncalves, Eder Mateus Nunes},
  booktitle={Network and System Security (NSS), 2010 4th International Conference on},
  pages={456--461},
  year={2010},
  organization={IEEE}
}

@article{durfee1991distributed,
  title={The distributed artificial intelligence melting pot},
  author={Durfee, Edmund H},
  journal={Ann Arbor},
  volume={1001},
  pages={48109},
  year={1991}
}

@article{durfee1994distributed,
  title={Distributed problem solving and multi-agent systems: Comparisons and examples},
  author={Durfee, Edmund H and Rosenschein, Jeffrey S},
  journal={Ann Arbor},
  volume={1001},
  number={48109},
  pages={29},
  year={1994}
}

@book{bond2014readings,
  title={Readings in distributed artificial intelligence},
  author={Bond, Alan H and Gasser, Les},
  year={2014},
  publisher={Morgan Kaufmann}
}

@article{gonccalves2006abordagem,
  title={Uma abordagem para especifica{\c{c}}{\~a}o de conhecimento para sistemas multiagentes cognitivos},
  author={Gon{\c{c}}alves, Eder Mateus Nunes and others},
  year={2006},
  publisher={Florian{\'o}polis, SC}
}

@article{ferber1991agent,
    author  = "Ferber, Jacques and Gasser, Les.",
    title   = "Intelligence artificielle distribuée",
    journal = "Tutorial Notes of the 11th Conference on Expert Systems and their Aplications",
    year    = "1991"
}

@article{weyns2007environment,
  title={Environment as a first class abstraction in multiagent systems},
  author={Weyns, Danny and Omicini, Andrea and Odell, James},
  journal={Autonomous agents and multi-agent systems},
  volume={14},
  number={1},
  pages={5--30},
  year={2007},
  publisher={Springer}
}

@book{russell2002artificial,
  title={Artificial intelligence: a modern approach (International Edition)},
  author={Russell, Stuart J and Norvig, Peter},
  year={2002},
  publisher={$\{$Pearson US Imports \& PHIPEs$\}$}
}

@article{wooldridge1995intelligent,
  title={Intelligent agents: Theory and practice},
  author={Wooldridge, Michael and Jennings, Nicholas R},
  journal={The knowledge engineering review},
  volume={10},
  number={2},
  pages={115--152},
  year={1995},
  publisher={Cambridge University Press}
}

@inproceedings{franklin1996agent,
  title={Is it an Agent, or just a Program?: A Taxonomy for Autonomous Agents},
  author={Franklin, Stan and Graesser, Art},
  booktitle={International Workshop on Agent Theories, Architectures, and Languages},
  pages={21--35},
  year={1996},
  organization={Springer}
}

@article{nwana1996software,
  title={Software agents: An overview},
  author={Nwana, Hyacinth S},
  journal={The knowledge engineering review},
  volume={11},
  number={3},
  pages={205--244},
  year={1996},
  publisher={Cambridge University Press}
}

@article{athamena2012petri,
  title={A petri net based multi-agent system behavioral testing},
  author={Athamena, Belkacem and Houhamdi, Zina},
  journal={Modern Applied Science},
  volume={6},
  number={3},
  pages={46},
  year={2012}
}

@article{zhang2007automated,
  title={Automated Unit Testing for Agent Systems.},
  author={Zhang, Zhiyong and Thangarajah, John and Padgham, Lin},
  journal={ENASE},
  volume={7},
  pages={10--18},
  year={2007}
}

@incollection{ekinci2009goal,
  title={Goal-oriented agent testing revisited},
  author={Ekinci, Erdem Eser and Tiryaki, Ali Murat and {\c{C}}etin, {\"O}v{\"u}n{\c{c}} and Dikenelli, Oguz},
  booktitle={Agent-Oriented Software Engineering IX},
  pages={173--186},
  year={2009},
  publisher={Springer}
}

@book{caire2004multi,
  title={Multi-agent systems implementation and testing},
  author={Caire, G and Cossentino, M and Negri, A and Poggi, A and Turci, P},
  year={2004},
  publisher={na}
}

@inproceedings{lam2004debugging,
  title={Debugging Agent Behavior in an Implemented Agent System.},
  author={Lam, Dung N and Barber, K Suzanne},
  booktitle={PROMAS},
  pages={104--125},
  year={2004},
  organization={Springer}
}

@article{nunez2005specification,
  title={Specification and testing of autonomous agents in e-commerce systems},
  author={N{\'u}{\~n}ez, Manuel and Rodr{\'\i}guez, Ismael and Rubio, Fernando},
  journal={Software Testing, Verification and Reliability},
  volume={15},
  number={4},
  pages={211--233},
  year={2005},
  publisher={Wiley Online Library}
}

@inproceedings{coelho2006unit,
  title={Unit testing in multi-agent systems using mock agents and aspects},
  author={Coelho, Roberta and Kulesza, Uir{\'a} and von Staa, Arndt and Lucena, Carlos},
  booktitle={Proceedings of the 2006 international workshop on Software engineering for large-scale multi-agent systems},
  pages={83--90},
  year={2006},
  organization={ACM}
}

@inproceedings{gomez2008testing,
  title={Testing and debugging of MAS interactions with INGENIAS},
  author={Gomez-Sanz, Jorge J and Bot{\'\i}a, Juan and Serrano, Emilio and Pav{\'o}n, Juan},
  booktitle={International Workshop on Agent-Oriented Software Engineering},
  pages={199--212},
  year={2008},
  organization={Springer}
}

@article{zina2011test,
  title={Test suite generation process for agent testing},
  author={Zina, Houhamdi},
  journal={Indian Journal of Computer Science and Engineering (IJCSE)},
  volume={2},
  number={2},
  year={2011}
}

@inproceedings{knublauch2002extreme,
  title={Extreme programming of multi-agent systems},
  author={Knublauch, Holger},
  booktitle={Proceedings of the first international joint conference on Autonomous agents and multiagent systems: part 2},
  pages={704--711},
  year={2002},
  organization={ACM}
}

@inproceedings{botia2004aclanalyser,
  title={ACLAnalyser: a tool for debugging multi-agent system},
  author={Bot{\'\i}a, Juan A and L{\'o}pez-Acosta, Alberto and Skarmeta, Antonio G},
  booktitle={Proceedings of the 16th European Conference on Artificial Intelligence},
  pages={967--968},
  year={2004},
  organization={IOS Press}
}

@article{padgham2005adding,
  title={Adding debugging support to the Prometheus methodology},
  author={Padgham, Lin and Winikoff, Michael and Poutakidis, David},
  journal={Engineering Applications of Artificial Intelligence},
  volume={18},
  number={2},
  pages={173--190},
  year={2005},
  publisher={Elsevier}
}

@inproceedings{rodrigues2005towards,
  title={Towards an integration test architecture for open MAS},
  author={Rodrigues, L and Carvalho, Gustavo and Paes, Rodrigo and Lucena, Carlos},
  booktitle={1st workshop on Software Engineering for agent-oriented systems/SBES},
  pages={60--66},
  year={2005}
}

@article{nguyen2009goal,
  title={Goal-oriented testing for MASs},
  author={Nguyen, Cu Duy and Perini, Anna and Tonella, Paolo},
  journal={International Journal of Agent-Oriented Software Engineering},
  volume={4},
  number={1},
  pages={79--109},
  year={2009},
  publisher={Inderscience Publishers}
}

@article{houhamdi2011structured,
  title={Structured integration test suite generation process for multi-agent system},
  author={Houhamdi, Zina and Athamena, Belkacem},
  journal={Journal of Computer Science},
  volume={7},
  number={5},
  pages={690},
  year={2011}
}

@inproceedings{sudeikat2008systemic,
  title={A systemic approach to the validation of self--organizing dynamics within MAS},
  author={Sudeikat, Jan and Renz, Wolfgang},
  booktitle={International Workshop on Agent-Oriented Software Engineering},
  pages={31--45},
  year={2008},
  organization={Springer}
}

@article{lesser1999cooperative,
  title={Cooperative multiagent systems: A personal view of the state of the art},
  author={Lesser, Victor R},
  journal={IEEE Transactions on knowledge and data engineering},
  volume={11},
  number={1},
  pages={133--142},
  year={1999},
  publisher={IEEE}
}

@article{jennings2000agent,
  title={On agent-based software engineering},
  author={Jennings, Nicholas R},
  journal={Artificial intelligence},
  volume={117},
  number={2},
  pages={277--296},
  year={2000},
  publisher={Elsevier}
}

@inproceedings{padgham2002prometheus,
  title={Prometheus: A pragmatic methodology for engineering intelligent agents},
  author={Padgham, Lin and Winikoff, Michael},
  booktitle={Proceedings of the OOPSLA 2002 Workshop on Agent-oriented Methodologies},
  pages={97--108},
  year={2002}
}

@article{cialdini1998social,
  title={Social influence: Social norms, conformity and compliance.},
  author={Cialdini, Robert B and Trost, Melanie R},
  year={1998},
  journal={},
  publisher={McGraw-Hill}
}

@inproceedings{sen2007emergence,
  title={Emergence of norms through social learning.},
  author={Sen, Sandip and Airiau, Stephane},
  booktitle={IJCAI},
  volume={1507},
  pages={1512},
  year={2007}
}

@inproceedings{ferber1998meta,
  title={A meta-model for the analysis and design of organizations in multi-agent systems},
  author={Ferber, Jacques and Gutknecht, Olivier},
  booktitle={Multi Agent Systems, 1998. Proceedings. International Conference on},
  pages={128--135},
  year={1998},
  organization={IEEE}
}

@inproceedings{odell2002role,
  title={The role of roles in designing effective agent organizations},
  author={Odell, James J and Parunak, H Van Dyke and Fleischer, Mitchell},
  booktitle={International Workshop on Software Engineering for Large-Scale Multi-agent Systems},
  pages={27--38},
  year={2002},
  organization={Springer}
}

@inproceedings{tinnemeier2009roles,
  title={Roles and norms for programming agent organizations},
  author={Tinnemeier, Nick and Dastani, Mehdi and Meyer, John-Jules},
  booktitle={Proceedings of The 8th International Conference on Autonomous Agents and Multiagent Systems-Volume 1},
  pages={121--128},
  year={2009},
  organization={International Foundation for Autonomous Agents and Multiagent Systems}
}

@phdthesis{hubner2003modelo,
  title={Um modelo de reorganiza{\c{c}}{\~a}o de sistemas multiagentes.},
  author={H{\"u}bner, Jomi Fred},
  year={2003},
  school={Universidade de S{\~a}o Paulo}
}

@inproceedings{hubner2005mathcal,
  title={$\backslash$mathcal $\{$SM$\}$ oise\^{}$\{$+$\}$: A Middleware for Developing Organised Multi-agent Systems},
  author={H{\"u}bner, Jomi Fred and Sichman, Jaime Sim{\~a}o and Boissier, Olivier},
  booktitle={International Conference on Autonomous Agents and Multiagent Systems},
  pages={64--77},
  year={2005},
  organization={Springer}
}

@article{hannoun2000moise,
  title={MOISE: An organizational model for multi-agent systems},
  author={Hannoun, Mahdi and Boissier, Olivier and Sichman, Jaime and Sayettat, Claudette},
  journal={Advances in Artificial Intelligence},
  pages={156--165},
  year={2000},
  publisher={Springer}
}

@inproceedings{benfield2006making,
  title={Making a strong business case for multiagent technology},
  author={Benfield, Steve S and Hendrickson, Jim and Galanti, Daniel},
  booktitle={Proceedings of the fifth international joint conference on Autonomous agents and multiagent systems},
  pages={10--15},
  year={2006},
  organization={ACM}
}

@inproceedings{van2005formal,
  title={Formal modeling and analysis of organizations},
  author={Van Den Broek, Egon L and Jonker, Catholijn M and Sharpanskykh, Alexei and Treur, Jan and others},
  booktitle={International Conference on Autonomous Agents and Multiagent Systems},
  pages={18--34},
  year={2005},
  organization={Springer}
}

@article{hubner2007developing,
  title={Developing organised multiagent systems using the MOISE+ model: programming issues at the system and agent levels},
  author={Hubner, Jomi F and Sichman, Jaime S and Boissier, Olivier},
  journal={International Journal of Agent-Oriented Software Engineering},
  volume={1},
  number={3-4},
  pages={370--395},
  year={2007},
  publisher={Inderscience Publishers}
}